<?xml version="1.0" encoding="UTF-8"?>
<collection xmlns:xsi="http://www.w3.org/2001/XMLSchema-instance" xsi:schemaLocation="http://www.loc.gov/MARC21/slim http://www.loc.gov/standards/marcxml/schema/MARC21slim.xsd" xmlns="http://www.loc.gov/MARC21/slim">
<record>
  <leader>00584nam a22002051  4500</leader>
  <controlfield tag="001">3079798</controlfield>
  <controlfield tag="003">NNC</controlfield>
  <controlfield tag="005">20030429142358.0</controlfield>
  <controlfield tag="008">010905s1951    le            000 0 ara d</controlfield>
  <datafield tag="035" ind1=" " ind2=" ">
    <subfield code="a">(OCoLC)ocm47913371</subfield>
  </datafield>
  <datafield tag="035" ind1=" " ind2=" ">
    <subfield code="9">ATQ4809CU</subfield>
  </datafield>
  <datafield tag="040" ind1=" " ind2=" ">
    <subfield code="a">ZCU</subfield>
    <subfield code="c">ZCU</subfield>
  </datafield>
  <datafield tag="099" ind1=" " ind2=" ">
    <subfield code="a">893.791</subfield>
    <subfield code="a">N113</subfield>
  </datafield>
  <datafield tag="100" ind1="1" ind2=" ">
    <subfield code="a">Nabhānī, Taqī al-Dīn.</subfield>
  </datafield>
  <datafield tag="245" ind1="1" ind2="0">
    <subfield code="a">Niẓām al-ḥukm fī al-Islām.</subfield>
  </datafield>
  <datafield tag="260" ind1=" " ind2=" ">
    <subfield code="a">[Bayrūt,</subfield>
    <subfield code="b">Maṭābiʻ Ṣādir Rayḥānī]</subfield>
    <subfield code="c">1370 h., 1951 m.</subfield>
  </datafield>
  <datafield tag="300" ind1=" " ind2=" ">
    <subfield code="a">2, 66 p.</subfield>
  </datafield>
  <datafield tag="500" ind1=" " ind2=" ">
    <subfield code="a">Preface by Muṣṭafā Khālidī.</subfield>
  </datafield>
  <datafield tag="650" ind1=" " ind2="0">
    <subfield code="a">Islam and state.</subfield>
  </datafield>
  <datafield tag="955" ind1=" " ind2=" ">
    <subfield code="b">CU58894349</subfield>
    <subfield code="d">off,glx</subfield>
    <subfield code="e">893.791 N113</subfield>
  </datafield>
</record>
</collection>